<record><leader>00000cas a22000007a 4500</leader><controlfield tag="001">19623113</controlfield><controlfield tag="008">890429d18891895aluwr ne      0    0eng d</controlfield><datafield ind1=" " ind2=" " tag="010"><subfield code="a">sn 89050028 </subfield></datafield><datafield ind1=" " ind2=" " tag="040"><subfield code="a">AAR</subfield><subfield code="b">eng</subfield><subfield code="c">AAR</subfield><subfield code="d">CPN</subfield><subfield code="d">OCLCQ</subfield></datafield><datafield ind1=" " ind2=" " tag="042"><subfield code="a">msc</subfield></datafield><datafield ind1="0" ind2="4" tag="245"><subfield code="a">The Weekly age-herald.</subfield></datafield><datafield ind1="3" ind2="0" tag="246"><subfield code="a">Semi-weekly age-herald</subfield></datafield><datafield ind1=" " ind2=" " tag="260"><subfield code="a">Birmingham, Ala. :</subfield><subfield code="b">Age-Herald Co.,</subfield><subfield code="c">1889-1895.</subfield></datafield><datafield ind1=" " ind2=" " tag="300"><subfield code="a">v.</subfield></datafield><datafield ind1=" " ind2=" " tag="310"><subfield code="a">Weekly</subfield></datafield><datafield ind1="0" ind2=" " tag="362"><subfield code="a">Vol. 2, no. 7 (Feb. 20, 1889)-v. 21, no. 56 (Oct. 2, 1895).</subfield></datafield><datafield ind1=" " ind2=" " tag="500"><subfield code="a">Published as: Semi-weekly age-herald, Apr. 23-July 9, 1895.</subfield></datafield><datafield ind1=" " ind2=" " tag="515"><subfield code="a">Numbering is irregular.</subfield></datafield><datafield ind1=" " ind2=" " tag="752"><subfield code="a">United States</subfield><subfield code="b">Alabama</subfield><subfield code="c">Jefferson</subfield><subfield code="d">Birmingham.</subfield></datafield><datafield ind1="0" ind2=" " tag="775"><subfield code="t">Birmingham age-herald</subfield><subfield code="w">(DLC)sn 84020639</subfield></datafield><datafield ind1="0" ind2=" " tag="775"><subfield code="t">Daily age-herald</subfield><subfield code="w">(DLC)sn 86090899</subfield></datafield><datafield ind1="0" ind2="4" tag="780"><subfield code="t">Weekly iron age</subfield><subfield code="w">(DLC)sn 85044942</subfield></datafield><datafield ind1="0" ind2="4" tag="780"><subfield code="t">Weekly herald (Birmingham, Ala.)</subfield><subfield code="w">(DLC)sn 89050027</subfield></datafield><datafield ind1="0" ind2="7" tag="785"><subfield code="t">Weekly State (Birmingham, Ala.)</subfield><subfield code="w">(DLC)sn 89050029</subfield></datafield><datafield ind1="0" ind2="7" tag="785"><subfield code="t">Weekly State herald</subfield><subfield code="w">(DLC)sn 89050030</subfield></datafield></record>